@phdthesis{jacobson88,
 author = {Jacobson, Guy Joseph},
 title = {Succinct static data structures},
 year = {1988},
 note = {AAI8918056},
 publisher = {Carnegie Mellon University},
 address = {Pittsburgh, PA, USA},
}
